<collection>
<record>
<leader>06207cpcaa22007937i 4500</leader>
<controlfield tag="001">20433629</controlfield>
<controlfield tag="005">20220714152635.0</controlfield>
<controlfield tag="008">180405i19851996cau eng </controlfield>
<datafield ind1=" " ind2=" " tag="906">
<subfield code="a">7</subfield>
<subfield code="b">cbc</subfield>
<subfield code="c">orignew</subfield>
<subfield code="d">u</subfield>
<subfield code="e">ncip</subfield>
<subfield code="f">20</subfield>
<subfield code="g">y-folklife</subfield>
</datafield>
<datafield ind1=" " ind2=" " tag="955">
<subfield code="a">mkru 2018-04-05</subfield>
<subfield code="a">mkru 2018-06-28 collection rec'd in AFC</subfield>
<subfield code="a">mkru 2018-07-12</subfield>
<subfield code="a">mseg 2021-11-26</subfield>
<subfield code="a">fcundiff 2022-05-13</subfield>
<subfield code="a">masmit 2022-05-16</subfield>
<subfield code="a">masmit 2022-05-20</subfield>
<subfield code="a">fcundiff 2022-07-14</subfield>
</datafield>
<datafield ind1=" " ind2=" " tag="010">
<subfield code="a"> 2018655237</subfield>
</datafield>
<datafield ind1=" " ind2=" " tag="040">
<subfield code="a">DLC</subfield>
<subfield code="b">eng</subfield>
<subfield code="e">dacs</subfield>
<subfield code="c">DLC</subfield>
</datafield>
<datafield ind1=" " ind2=" " tag="043">
<subfield code="a">n-us---</subfield>
<subfield code="a">n-us-dc</subfield>
</datafield>
<datafield ind1=" " ind2=" " tag="090">
<subfield code="a">
RYR 5217-5252, RYR 5366-5399, RYR 6001-6007, RYR 3928-3930 (sound cassettes); VAS 7681-7684 (VHS)
</subfield>
</datafield>
<datafield ind1=" " ind2=" " tag="090">
<subfield code="a">AFC 2018/007</subfield>
</datafield>
<datafield ind1="0" ind2="0" tag="245">
<subfield code="a">
Linda Pershing "Ribbon around the Pentagon" collection,
</subfield>
<subfield code="f">1984-2018.</subfield>
</datafield>
<datafield ind1=" " ind2="0" tag="264">
<subfield code="a">1984-2018.</subfield>
</datafield>
<datafield ind1=" " ind2=" " tag="300">
<subfield code="a">approximately 1606</subfield>
<subfield code="f">items</subfield>
</datafield>
<datafield ind1=" " ind2=" " tag="300">
<subfield code="a">8</subfield>
<subfield code="f">containers</subfield>
</datafield>
<datafield ind1=" " ind2=" " tag="300">
<subfield code="a">4</subfield>
<subfield code="f">linear feet</subfield>
</datafield>
<datafield ind1=" " ind2=" " tag="300">
<subfield code="3">manuscripts</subfield>
<subfield code="a">approximately 288 pages</subfield>
</datafield>
<datafield ind1=" " ind2=" " tag="300">
<subfield code="3">graphic materials</subfield>
<subfield code="a">5 photographic prints :</subfield>
<subfield code="b">black and white ;</subfield>
<subfield code="c">4 x 5 in., 5 x 7 in.</subfield>
</datafield>
<datafield ind1=" " ind2=" " tag="300">
<subfield code="3">graphic materials</subfield>
<subfield code="a">131 photographic prints :</subfield>
<subfield code="b">color ;</subfield>
<subfield code="c">3.5 x 5 in.</subfield>
</datafield>
<datafield ind1=" " ind2=" " tag="300">
<subfield code="3">graphic materials</subfield>
<subfield code="a">971 photographic transparencies :</subfield>
<subfield code="b">color ;</subfield>
<subfield code="c">35 mm</subfield>
</datafield>
<datafield ind1=" " ind2=" " tag="300">
<subfield code="3">graphic materials</subfield>
<subfield code="a">4 photographic transparencies :</subfield>
<subfield code="b">color ;</subfield>
<subfield code="c">4 x 5.5 in.</subfield>
</datafield>
<datafield ind1=" " ind2=" " tag="300">
<subfield code="3">graphic materials</subfield>
<subfield code="a">1 photographic negative :</subfield>
<subfield code="b">black and white ;</subfield>
<subfield code="c">4 x 5 in.</subfield>
</datafield>
<datafield ind1=" " ind2=" " tag="300">
<subfield code="3">graphic materials</subfield>
<subfield code="a">102 photographic negatives :</subfield>
<subfield code="b">color ;</subfield>
<subfield code="c">35mm.</subfield>
</datafield>
<datafield ind1=" " ind2=" " tag="300">
<subfield code="3">moving images</subfield>
<subfield code="a">4 videocassettes (VHS) :</subfield>
<subfield code="b">sound, color ;</subfield>
<subfield code="c">1/2 in.</subfield>
</datafield>
<datafield ind1=" " ind2=" " tag="300">
<subfield code="3">sound recordings</subfield>
<subfield code="a">50 sound cassettes :</subfield>
<subfield code="b">analog</subfield>
</datafield>
<datafield ind1=" " ind2=" " tag="300">
<subfield code="3">sound recordings</subfield>
<subfield code="a">30 microcassettes :</subfield>
<subfield code="b">analog</subfield>
</datafield>
<datafield ind1=" " ind2=" " tag="300">
<subfield code="3">artifacts</subfield>
<subfield code="a">9 fabric panels ;</subfield>
<subfield code="c">approximately 17 x 45 in.</subfield>
</datafield>
<datafield ind1=" " ind2=" " tag="300">
<subfield code="3">artifacts</subfield>
<subfield code="a">1 cleaning microcassette</subfield>
</datafield>
<datafield ind1=" " ind2=" " tag="520">
<subfield code="a">
Collection of ethnographic research data about Justine Merritt's "Ribbon around the Pentagon" project and subsequent related events. Includes several original Ribbon panels, audio interviews with participants, photographs of various Ribbon project events, video of lectures and documentaries, questionnaire responses, and signed copies of publications written by the collector. The "Ribbon around the Pentagon" ceremony was a grass-roots public art event and anti-nuclear peace demonstration which took place in Washington, D.C., on August 4, 1985 (the weekend before the 40th anniversary of the atomic bombing of Hiroshima, Japan). Activists protesting nuclear arms created hand-made fabric panels which depicted the things that would be lost in the event of a nuclear disaster. Panels showcased a variety of textile arts including needlework, quilting, paint, weaving, and appliqué. The panels were tied together to form a 15-mile long "Ribbon", and the Ribbon was wrapped around the Pentagon, the Capitol, and the Lincoln and Washington Memorials by demonstrators holding the panels they created.
</subfield>
</datafield>
<datafield ind1="2" ind2=" " tag="505">
<subfield code="a">
Video titles: MV001. The Ribbon 'round the Pentagon / produced by Barb Britain, 1985? (16:30) -- The Peace Ribbon / produced by David Sabbath, 16 June 1986 (28:30) -- MV002. Lecture at St. John's University, St. Cloud, Minnesota, 24 April 1986 / Justine Merritt -- MV003. Three lectures at Texas Women's University, Denton, Texas, 27 April 87 / Justine Merritt -- MV004. Lecture at St. Edward's University, Austin, Texas, 19 April 1989 / Justine Merritt (20:00) -- A Stitch for time: the Boise Peace Quilt Project / produced by Nigel Noble, 1987 (53:00) -- Fabricollage / produced by Mary Milne, 1987 (30:00)
</subfield>
</datafield>
<datafield ind1=" " ind2=" " tag="545">
<subfield code="a">
Linda Pershing is a folklorist with a focus on women's experiences and feminist theory, peace and justice activism, feminist pedagogy, folklore studies, and the politics of culture. For six years following the "Ribbon around the Pentagon" event which took place in the summer of 1985, Pershing traveled around the country to interview Ribbon project participants at their homes, photograph Ribbon panels, and collect qualitative research data about the project.
</subfield>
</datafield>
<datafield ind1="8" ind2=" " tag="524">
<subfield code="a">
Linda Pershing "Ribbon around the Pentagon" collection (AFC 2018/007), Archive of Folk Culture, American Folklife Center, Library of Congress, Washington, D.C.
</subfield>
</datafield>
<datafield ind1="0" ind2=" " tag="506">
<subfield code="a">
Collection is open for research. To request materials, please contact the Folklife Reading Room at
</subfield>
<subfield code="u">http://hdl.loc.gov/loc.afc/folklife.contact</subfield>
</datafield>
<datafield ind1=" " ind2=" " tag="540">
<subfield code="a">
Duplication of collection materials may be governed by copyright and other restrictions.
</subfield>
</datafield>
<datafield ind1=" " ind2=" " tag="541">
<subfield code="a">Linda Pershing;</subfield>
<subfield code="c">Donation;</subfield>
<subfield code="d">2018.</subfield>
</datafield>
<datafield ind1=" " ind2=" " tag="546">
<subfield code="a">In English.</subfield>
</datafield>
<datafield ind1="0" ind2=" " tag="555">
<subfield code="a">Finding aid is available online</subfield>
<subfield code="u">https://hdl.loc.gov/loc.afc/eadafc.af021011</subfield>
</datafield>
<datafield ind1=" " ind2=" " tag="581">
<subfield code="a">
Publication: Pershing, Linda. The ribbon around the Pentagon: peace by piecemakers (Knoxville: University of Tennessee Press, 1996)
</subfield>
</datafield>
<datafield ind1="1" ind2="0" tag="600">
<subfield code="a">Merritt, Justine,</subfield>
<subfield code="d">1924-2009</subfield>
<subfield code="v">Interviews.</subfield>
</datafield>
<datafield ind1="1" ind2="0" tag="600">
<subfield code="a">Milne, Mary,</subfield>
<subfield code="d">1955-</subfield>
<subfield code="v">Interviews.</subfield>
</datafield>
<datafield ind1=" " ind2="0" tag="650">
<subfield code="a">Textile artists</subfield>
<subfield code="z">United States</subfield>
<subfield code="v">Interviews.</subfield>
</datafield>
<datafield ind1=" " ind2="0" tag="650">
<subfield code="a">Needlework</subfield>
<subfield code="x">Social aspects.</subfield>
</datafield>
<datafield ind1=" " ind2="0" tag="650">
<subfield code="a">Nuclear disarmament</subfield>
<subfield code="z">United States</subfield>
<subfield code="y">20th century.</subfield>
</datafield>
<datafield ind1=" " ind2="0" tag="650">
<subfield code="a">Women and peace</subfield>
<subfield code="z">United States.</subfield>
</datafield>
<datafield ind1=" " ind2="0" tag="650">
<subfield code="a">Antinuclear movement</subfield>
<subfield code="z">United States</subfield>
<subfield code="y">20th century.</subfield>
</datafield>
<datafield ind1=" " ind2="0" tag="650">
<subfield code="a">Catholic women artists</subfield>
<subfield code="z">United States</subfield>
<subfield code="v">Interviews.</subfield>
</datafield>
<datafield ind1=" " ind2="0" tag="650">
<subfield code="a">Fabric pictures</subfield>
<subfield code="z">United States.</subfield>
</datafield>
<datafield ind1=" " ind2="0" tag="650">
<subfield code="a">Craftivism</subfield>
<subfield code="z">United States.</subfield>
</datafield>
<datafield ind1=" " ind2="0" tag="650">
<subfield code="a">Textile crafts</subfield>
<subfield code="x">Political aspects</subfield>
<subfield code="z">United States.</subfield>
</datafield>
<datafield ind1=" " ind2="0" tag="650">
<subfield code="a">Material culture.</subfield>
</datafield>
<datafield ind1=" " ind2="0" tag="650">
<subfield code="a">Folk art.</subfield>
</datafield>
<datafield ind1=" " ind2="0" tag="651">
<subfield code="a">Washington (D.C.)</subfield>
</datafield>
<datafield ind1=" " ind2="7" tag="655">
<subfield code="a">Interviews.</subfield>
<subfield code="2">lcgft</subfield>
</datafield>
<datafield ind1=" " ind2="7" tag="655">
<subfield code="a">Sound recordings.</subfield>
<subfield code="2">lcgft</subfield>
</datafield>
<datafield ind1=" " ind2="7" tag="655">
<subfield code="a">Oral histories.</subfield>
<subfield code="2">lcgft</subfield>
</datafield>
<datafield ind1=" " ind2="7" tag="655">
<subfield code="a">Photographs.</subfield>
<subfield code="2">aat</subfield>
</datafield>
<datafield ind1=" " ind2="7" tag="655">
<subfield code="a">Manuscripts.</subfield>
<subfield code="2">aat</subfield>
</datafield>
<datafield ind1="1" ind2=" " tag="700">
<subfield code="a">Pershing, Linda,</subfield>
<subfield code="e">collector,</subfield>
<subfield code="e">donor,</subfield>
<subfield code="e">interviewer.</subfield>
</datafield>
<datafield ind1="1" ind2="2" tag="700">
<subfield code="a">Hollis, Susan T.,</subfield>
<subfield code="e">editor.</subfield>
<subfield code="t">Feminist theory and the study of folklore.</subfield>
<subfield code="f">1993.</subfield>
</datafield>
<datafield ind1="1" ind2="2" tag="700">
<subfield code="a">Merritt, Justine,</subfield>
<subfield code="d">1924-2009.</subfield>
<subfield code="t">Cup of cool water.</subfield>
</datafield>
<datafield ind1="1" ind2="2" tag="700">
<subfield code="a">Pershing, Linda.</subfield>
<subfield code="t">Sew to speak.</subfield>
<subfield code="f">1995.</subfield>
</datafield>
<datafield ind1=" " ind2=" " tag="852">
<subfield code="a">Library of Congress</subfield>
<subfield code="b">Archive of Folk Culture, American Folklife Center,</subfield>
<subfield code="e">
101 Independence Ave. S.E., Washington, DC USA 20540-4610
</subfield>
<subfield code="u">http://hdl.loc.gov/loc.afc/folklife.home</subfield>
</datafield>
<datafield ind1="4" ind2="2" tag="856">
<subfield code="3">Finding aid</subfield>
<subfield code="u">https://hdl.loc.gov/loc.afc/eadafc.af021011</subfield>
</datafield>
<datafield ind1=" " ind2=" " tag="985">
<subfield code="a">afc/coll</subfield>
</datafield>
<datafield ind1=" " ind2=" " tag="985">
<subfield code="a">afc/ead</subfield>
</datafield>
</record>
</collection>